<marc:record xmlns:marc="http://www.loc.gov/MARC21/slim" xmlns:xsi="http://www.w3.org/2001/XMLSchema-instance" xsi:schemaLocation="http://www.loc.gov/MARC21/slim http://www.loc.gov/standards/marcxml/schema/MARC21slim.xsd">
  <marc:leader>     nam a2200241 a 45M</marc:leader>
  <marc:controlfield tag="001">001689309</marc:controlfield>
  <marc:controlfield tag="003">NNU</marc:controlfield>
  <marc:controlfield tag="005">20061010170929.0</marc:controlfield>
  <marc:controlfield tag="008">001214s1955    le            000 m ara d</marc:controlfield>
  <marc:datafield tag="035" ind1="9" ind2=" ">
    <marc:subfield code="a">NYUb12233665</marc:subfield>
  </marc:datafield>
  <marc:datafield tag="035" ind1=" " ind2=" ">
    <marc:subfield code="a">(CStRLIN)NYUG00-B4139</marc:subfield>
  </marc:datafield>
  <marc:datafield tag="040" ind1=" " ind2=" ">
    <marc:subfield code="a">NNU</marc:subfield>
    <marc:subfield code="c">NNU</marc:subfield>
  </marc:datafield>
  <marc:datafield tag="050" ind1=" " ind2="4">
    <marc:subfield code="a">PJ7601</marc:subfield>
    <marc:subfield code="b">.F3</marc:subfield>
  </marc:datafield>
  <marc:datafield tag="066" ind1=" " ind2=" ">
    <marc:subfield code="c">(3</marc:subfield>
  </marc:datafield>
  <marc:datafield tag="090" ind1=" " ind2=" ">
    <marc:subfield code="a">PJ7601</marc:subfield>
    <marc:subfield code="b">.F3</marc:subfield>
  </marc:datafield>
  <marc:datafield tag="100" ind1="1" ind2=" ">
    <marc:subfield code="a">Fākhūrī, Ḥannā</marc:subfield>
    <marc:subfield code="6">01</marc:subfield>
  </marc:datafield>
  <marc:datafield tag="100" ind1="1" ind2=" ">
    <marc:subfield code="6">01</marc:subfield>
    <marc:subfield code="a">فاخوري، حنا.</marc:subfield>
  </marc:datafield>
  <marc:datafield tag="245" ind1="1" ind2="0">
    <marc:subfield code="6">02</marc:subfield>
    <marc:subfield code="a">Muntakhabāt al-adab al-ʻArabī /</marc:subfield>
    <marc:subfield code="c">Ḥannā al-Fākhūrī wa-lajnah min asātidhat al-Madrasah al-Būlusīyah.</marc:subfield>
  </marc:datafield>
  <marc:datafield tag="245" ind1="1" ind2="0">
    <marc:subfield code="6">02</marc:subfield>
    <marc:subfield code="a">منتخبات الأدب العربي /</marc:subfield>
    <marc:subfield code="c">تأليف حنا فاخوري ولجنة من أساتذة المدطسة البولسية.</marc:subfield>
  </marc:datafield>
  <marc:datafield tag="260" ind1=" " ind2=" ">
    <marc:subfield code="6">03</marc:subfield>
    <marc:subfield code="a">Ḥarīṣā, Lubnān :</marc:subfield>
    <marc:subfield code="b">al-Maṭbaʻah al-Būlusīyah,</marc:subfield>
    <marc:subfield code="c">1955.</marc:subfield>
  </marc:datafield>
  <marc:datafield tag="260" ind1=" " ind2=" ">
    <marc:subfield code="6">03</marc:subfield>
    <marc:subfield code="a">حريصا، لبنان :</marc:subfield>
    <marc:subfield code="b">المطبعة البولسية،</marc:subfield>
    <marc:subfield code="c">١٩٥٥.</marc:subfield>
  </marc:datafield>
  <marc:datafield tag="300" ind1=" " ind2=" ">
    <marc:subfield code="a">726 p. ;</marc:subfield>
    <marc:subfield code="c">24 cm.</marc:subfield>
  </marc:datafield>
  <marc:datafield tag="650" ind1=" " ind2="0">
    <marc:subfield code="a">Arabic literature.</marc:subfield>
  </marc:datafield>
  <marc:datafield tag="998" ind1=" " ind2=" ">
    <marc:subfield code="a">20001214</marc:subfield>
    <marc:subfield code="d">20001214</marc:subfield>
    <marc:subfield code="d">20001214</marc:subfield>
    <marc:subfield code="n">NNU</marc:subfield>
    <marc:subfield code="s">1</marc:subfield>
    <marc:subfield code="t">c</marc:subfield>
    <marc:subfield code="z">p</marc:subfield>
  </marc:datafield>
</marc:record>
